
@inproceedings{rahman2019centroidb,
  title={Centroid of Age Neighborhoods: A Generalized Approach to Estimate Biological Age},
  author={Rahman, Syed Ashiqur and Adjeroh, Donald},
  booktitle={2019 IEEE EMBS International Conference on Biomedical \& Health Informatics (BHI)},
  pages={1--4},
  year={2019},
  organization={IEEE}
}
@article{bahdanau2014neural,
  title={Neural machine translation by jointly learning to align and translate},
  author={Bahdanau, Dzmitry and Cho, Kyunghyun and Bengio, Yoshua},
  journal={arXiv preprint arXiv:1409.0473},
  year={2014}
}

@article{newman2006mod,
  title={Modularity and community structure in networks},
  author={Newman, Mark},
  journal={Proceedings of the national academy of sciences},
  volume={103},
  number={23},
  pages={8577-8582},
  year={2006}
}

@article{newman2006nw,
  title={Analysis of weighted networks},
  author={Newman, Mark},
  journal={Physical Review E},
  volume={70},
  number={5},
  pages={056131},
  year={2004}
}

@article{reichardt2006commu,
  title={Statistical Mechanics of Community Detection},
  author={Reichardt and Bornholdt},
  journal={Phys. Rev.},
  pages={E74},
  year={2006}
}

@article{newman2004commu,
  title={Finding community structure in very large networks},
  author={Clauset, A. and Newman, M. E., and Moore, C},
  journal={Physical Review E},
  volume={70},
  number={6},
  year={2004}
}

@article{newman2012nws,
  title={Networks: An Introduction},
  author={Newman, Mark},
  journal={Oxford University Press},
  pages={224},
  year={2011}
}

@book{american2013acsm,
  title={ACSM's guidelines for exercise testing and prescription},
  author={American College of Sports Medicine and others},
  year={2013},
  publisher={Lippincott Williams \& Wilkins}
}
@ONLINE{hintonRmspropOnline,
  author = {},
  title = {Neural Networks for Machine Learning. {@ONLINE}},
  month = {November},
  year = {2018},
  url = { http://www.cs.toronto.edu/~tijmen/csc321/slides/lecture_slides_lec6.pdf},
  urldate = {2018-11-15}
}
@article{khalique2022multilayer,
  title={Multi-layer sequential network analysis improves protein 3D structural classification},
  author={Newaz, Khalique and Piland, Jacob and Clark, Patricia and Emrich, Scott and Li, Jun and Milenković, Tijana},
  journal={Proteins},
  volume={90},
  number={9},
  pages={1721-1731},
  year={2022}
}
@article{jiaqi2016ensemble,
  title={An ensemble approach to protein fold classification by integration of template-based assignment and support vector machine classifier},
  author={Xia, Jiaqi and Peng, Zhenling and Qi, Dawei and Mu, Hongbo and Yang, Jianyi},
  journal={Bioinformatics},
  volume={22},
  number={6},
  pages={863–870},
  year={2016}
}
@article{sousounis2012conservation,
  title={Conservation of the three-dimensional structure in non-homologous or unrelated proteins},
  journal={Hum Genomics},
  author={Sousounis, Konstantinos and Haney, Carland Cao, Jin and Sunchu, Bharath and Tsonis, Panagiotis},
  journal={Bioinformatics},
  volume={6},
  number={1},
  pages={10},
  year={2012}
}
@article{kosloff2008sequence,
  title={Sequence-similar, structure-dissimilar protein pairs in the PDB},
  author={Kosloff, Mickey and Kolodny, Rachel},
  journal={Proteins},
  volume={71},
  number={2},
  pages={891-902},
  year={2008}
}
@article{hulovatyy2015structure,
  title={Exploring the structure and function of temporal networks with dynamic graphlets},
  author={Hulovatyy, Y and Chen, H and Milenković, T},
  journal={Bioinformatics},
  volume={31},
  number={12},
  pages={i171-80},
  year={2015}
}
@article{aparicio2018transitions,
  title={Graphlet-orbit Transitions (GoT): A fingerprint for temporal network comparison},
  author={Aparício, David and Ribeiro, Pedro and Silva, Fernando},
  journal={PLoS One},
  volume={13},
  number={10},
  pages={e0205497},
  year={2018}
}
@article{aparicio2019network,
  title={Temporal network alignment via GoT-WAVE},
  author={Aparício, David and Ribeiro, Pedro and Milenković, Tijana and Silva, Fernando},
  journal={Bioinformatics},
  volume={35},
  number={18},
  pages={3527-3529},
  year={2019}
}
@inproceedings{ciu20083dprotein,
  title={Classification of 3d Protein based on Structure Information Feature},
  author={Cui, Chenyang and Liu, Zhen},
  booktitle={2008 International Conference on BioMedical Engineering and Informatics (ICBEI)},
  pages={27-30},
  year={2008},
  organization={IEEE}
}
@article{xie2023undruggable,
  title={Recent advances in targeting the ``undruggable'' proteins: from drug discovery to clinical trials},
  author={Xie, Xin and Yu, Tingting Yu and et al.},
  journal={Signal Transduct Target Ther},
  volume={8},
  number={1},
  pages={335},
  year={2023}
}
@article{crampon2023heterogeneous,
  title={Heterogeneous graph convolutional neural network for protein-ligand scoring},
  author={Crampon, Kevin and Giorkallos, Alexis and Vigouroux, Xavier and Baud, Stephanie and Steffenel, Luiz Angelo},
  journal={Exploration of Drug Science},
  volume={1},
  number={},
  pages={126–39},
  year={2023}
}
@article{vijayabaskar2010interaction,
  title={Interaction energy based protein structure networks},
  author={Vijayabaskar, M S and Vishveshwara, Saraswathi},
  journal={Biophys J},
  volume={99},
  number={11},
  pages={3704-15},
  year={2010}
}
@article{bhattacharyya2016function,
  title={Protein Structure and Function: Looking through the Network of Side-Chain Interactions},
  author={Bhattacharyya, Moitrayee and Ghosh, Soma and Vishveshwara, Saraswathi},
  journal={Curr Protein Pept Sci},
  volume={17},
  number={1},
  pages={4-25},
  year={2016}
}
@article{bailey1977theory,
	title={The mathematical theory of infectious diseases and its applications},
	author={Bailey, N T},
	journal={Nat. Immunol.},
	volume={28},
	number={2},
	pages={479–480},
	year={1977}
}
@inproceedings{wang2011epidemics,
	title={Effects of interconnections on epidemics in network of networks},
	author={Wang, Y and Xiao, G},
	booktitle={Proc. 7th Int. Conf. Wireless Commun., Netw. Mobile Comput.},
	pages={1-4},
	year={2011}
}
@article{feng2009networks,
	title={Different epidemic models on complex networks},
	author={Hai-Feng, Z and Small, M and Xin-Chu, F},
	journal={Commun. Theor. Phys.},
	volume={52},
	number={1},
	pages={180-184},
	year={2009}
}
@article{kumar2023multicens,
	author = {Kumar, T AND Sethuraman, R AND Mitra, S AND Ravindran, B AND Narayanan, M},
	journal = {PLOS Computational Biology},
	title = {MultiCens: Multilayer network centrality measures to uncover molecular mediators of tissue-tissue communication},
	year = {2023},
	month = {04},
	volume = {19},
	pages = {1-33},
	number = {4},
}
@article{schieber2017network,
  title={Quantification of network structural dissimilarities},
  author={Schieber, Tiago A and Carpi, Laura and Díaz-Guilera, Albert and Pardalos, Panos M and Masoller, Cristina and Ravetti, Martín G},
  journal={Nat Commun},
  volume={9},
  number={8},
  pages={13928},
  year={2017}
}
@article{bhattacharyya2013automated,
  title={An automated approach to network features of protein structure ensembles},
  author={Bhattacharyya, Moitrayee and Bhat, Chanda R and Vishveshwara, Saraswathi},
  journal={Protein Sci},
  volume={22},
  number={10},
  pages={1399-416},
  year={2013}
}
@article{chakrabarty2014repeat,
  title={PRIGSA: protein repeat identification by graph spectral analysis},
  author={Chakrabarty, Broto and Parekh, Nita},
  journal={J Bioinform Comput Biol},
  volume={12},
  number={6},
  pages={1442009},
  year={2014}
}
@article{ruder2016graddes,
  author       = {Ruder, S},
  title        = {An overview of gradient descent optimization algorithms},
  journal      = {CoRR},
  volume       = {abs/1609.04747},
  year         = {2016},
  url          = {http://arxiv.org/abs/1609.04747},
}
@book{newman12012networks,
  author={Newman, M},
  title={Networks : An introduction},
  publisher={Oxford University Press},
  year={2012},
  address={New Delhi}  
}
@article{gadiyaram2017spectral,
  title={A graph spectral-based scoring scheme for network comparison},
  author={Gadiyaram, Vasundhara and Ghosh, Sambit and Vishveshwara, Saraswathi},
  journal={Journal of Complex Networks},
  volume={5},
  number={2},
  pages={219-244},
  year={2017}
}
@article{newman2004greedy,
  title={Fast algorithm for detecting community structure in networks},
  author={Newman, M. E},
  journal={Phys. Rev. E Stat. Phys. Plasmas Fluids Relat. Interdiscip. Top.},
  volume={69},
  number={5},
  pages={0309508},
  year={2004}
}
@inproceedings{jurman2015him,
  title={The HIM glocal metric and kernel for network comparison and classification},
  author={Jurman, Giuseppe and Visintainer, Roberto and Filosi, Michele and Riccadonna, Samantha and Furlanello, Cesare},
  booktitle={IEEE International Conference on Data Science and Advanced Analytics (DSAA)},
  pages={1–10},
  year={2015},
  organization={IEEE}
}
@article{jurman2011spectral,
  title={An introduction to spectral distances in networks},
  author={Jurman, Giuseppe and Visintainer, Roberto and Furlanello, Cesare},
  journal={Frontiers in Artificial Intelligence and Applications},
  volume={226},
  number={},
  pages={227-234},
  year={2011}
}
@book{butler2006spectral,
  author={Butler, Steve and Chung, Fan},
  title={Spectral Graph Theory},
  publisher={O’Reilly},
  year={2006},
  address={Florida}  
}
@book{butler2015laplacian,
  author={Butler, Steve},
  title={Algebraic aspects of the normalized Laplacian},
  publisher={Springer International Publishing},
  year={2015},
  address={Switzerland} 
}
@book{chung1997spectral,
  author={Chung, Fan},
  title={Spectral Graph Theory},
  publisher={American Mathematical Society},
  year={1997},
  address={USA} 
}
@article{luxburg2007spectral,
  title={A tutorial on spectral clustering},
  author={Luxburg, Ulrike von},
  journal={Statistics and Computing},
  volume={17},
  number={},
  pages={395–416},
  year={2007}
}
@mastersthesis{zumstein2005spectral,
  author={Zumstein, Philipp},
  title={Comparison of spectral methods through the adjacency matrix and the Laplacian of a graph},
  school={ETH Zürich},
  year={2005} 
}